@Manual{stan2015,
    title = {Stan Modeling Language User's Guide and Reference Manual,
      Version 2.10.0},
    author = {{Stan Development Team}},
    year = {2015},
    url = {http://mc-stan.org/},
}
@article{neal2011mcmc,
  title={MCMC using Hamiltonian dynamics},
  author={Neal, Radford M and others},
  journal={Handbook of Markov Chain Monte Carlo},
  volume={2},
  pages={113--162},
  year={2011}
}
@article{duane1987hybrid,
  title={Hybrid monte carlo},
  author={Duane, Simon and Kennedy, Anthony D and Pendleton, Brian J and Roweth, Duncan},
  journal={Physics letters B},
  volume={195},
  number={2},
  pages={216--222},
  year={1987},
  publisher={Elsevier}
}
@article{hoffman2014no,
  title={The No-U-turn sampler: adaptively setting path lengths in Hamiltonian Monte Carlo.},
  author={Hoffman, Matthew D and Gelman, Andrew},
  journal={Journal of Machine Learning Research},
  volume={15},
  number={1},
  pages={1593--1623},
  year={2014}
}             
@misc{vanderplas2014,
  Author = {Jake VanderPlas},
  Year = {2014},
  url={https://speakerdeck.com/jakevdp/frequentism-and-bayesianism-whats-the-big-deal-scipy-2014}.
  Title = {Frequentism and Bayesianism: What's the Big Deal? }
}